<?xml version="1.0" encoding="UTF-8"?><collection xmlns="http://www.loc.gov/MARC21/slim"><record><leader>00588nam--2200205-u-4500</leader><controlfield tag="001">000050708</controlfield><controlfield tag="002">20161230</controlfield><controlfield tag="005">20161230201048</controlfield><controlfield tag="008">080321s1000------------r-----000-0-eng-d</controlfield><datafield ind1=" " ind2=" " tag="020"><subfield code="a">0-387-988889-0</subfield></datafield><datafield ind1=" " ind2=" " tag="040"><subfield code="a">IFIN-HH</subfield></datafield><datafield ind1=" " ind2=" " tag="080"><subfield code="a">519.72</subfield></datafield><datafield ind1="1" ind2=" " tag="100"><subfield code="a">Hunsaker,Carolyn T.(ed.) s.a</subfield></datafield><datafield ind1="1" ind2="0" tag="245"><subfield code="a">Spatial Uncerainty in Ecology. Implications for Remote Sensing and GIS Applications</subfield></datafield><datafield ind1=" " ind2=" " tag="260"><subfield code="a">New York</subfield><subfield code="b">Springer-Verlag</subfield><subfield code="c">2001</subfield></datafield><datafield ind1=" " ind2=" " tag="300"><subfield code="a">402 p</subfield></datafield><datafield ind1=" " ind2=" " tag="504"><subfield code="a">Includes Bibliographical References</subfield></datafield><datafield ind1=" " ind2="4" tag="650"><subfield code="a">Spatial Ecology</subfield></datafield><datafield ind1=" " ind2=" " tag="852"><subfield code="c">621.391</subfield></datafield><datafield ind1=" " ind2=" " tag="CAT"><subfield code="a">Sys</subfield><subfield code="c">20080321</subfield><subfield code="h">083515</subfield></datafield></record></collection>